gianna@MBP-de-Luis.domain.name.8380