%% LaTeX2e file `mybib.bib'
%% generated by the `filecontents' environment
%% from source `template' on 2023/07/22.
%%
@misc{james,author="James",year=2011}
@misc{jones,author="Jones and Baker",year=2011}
@misc{dude,author="Duzdevich and E and F",year=2014}
@misc{thiru,author="Thiruganam and UNITED and V",year=2010}
@misc{sm:01,author="Smith",year=2001}
@misc{sm:05,author="Smith",year=2005}
@misc{sm:13,author="Smith",year=2013}
